@book{buin.102032020130101,
Author = {Coulouris, George},
ISBN = {9788582600535},
Publisher = {Porto Alegre : Bookman, 2013.},
Title = {Sistemas distribuídos : conceitos e projeto.},
URL = {http://search.ebscohost.com/login.aspx?direct=true&db=cat07149a&AN=buin.1020320&lang=pt-br&site=eds-live},
Year = {2013},
}


@book{sistemas_distribuidos_tanembaum,
Author = {Tanenbaum, Andrew S.; Steen, Maarten van},
ISBN = {9788576051428},
Publisher = {Pearson},
Title = {Sistemas Distribuídos: princípios e paradigmas - 3ª edição.},
URL = {http://search.ebscohost.com/login.aspx?direct=true&db=cat07297a&AN=unb.9788576051428&lang=pt-br&site=eds-live},
Year = {n.d.},
}

@book{mastering_blockchain,
Author = {Bashi,Imram},
Publisher = {Packt Publishing},
Title = {Mastering Blockchain},
Year = {2017},
}

@inproceedings{brewer_distributed,
author = {Brewer, Eric},
year = {2000},
month = {01},
pages = {7},
title = {Towards robust distributed systems},
journal = {PODC},
doi = {10.1145/343477.343502}
}